

@article{subhash2018gamification,
  title={The impact of gamification on students' learning, engagement and behavior in an engineering dynamics course},
  author={Subhash, Shamila and Cudney, Elizabeth A},
  journal={Proceedings of the American Society for Engineering Education Annual Conference \& Exposition},
  pages={1--21},
  year={2018}
}

@article{cordeiro2023inclusao,
  title={INCLUS{\~A}O DIGITAL: o uso da tecnologia para promo{\c{c}}{\~a}o da acessibilidade na educa{\c{c}}{\~a}o},
  author={Cordeiro, Hellen Narciso Aguiar and Boas, Matheus Guedes Vilas},
  journal={15{\textordmasculine} JORNADA CIENT{\'I}FICA E TECNOL{\'O}GICA E 12 {\textordmasculine} SIMP{\'O}SIO DE P{\'O}S-GRADUA{\c{C}}{\~A}O DO IFSULDEMINAS},
  volume={15},
  number={2},
  year={2023}
}

@article{de2022gamificaccao,
  title={GAMIFICA{\c{C}}{\~A}O NA EDUCA{\c{C}}{\~A}O INFANTIL},
  author={de Oliveira Silva, D{\'e}bora Cristina Pardinho and Albuquerque, Grazielli Alves do Carmo Silva and dos Santos, Magali Maciel},
  journal={Revista Ibero-Americana de Humanidades, Ci{\^e}ncias e Educa{\c{c}}{\~a}o},
  volume={8},
  number={7},
  pages={1041--1046},
  year={2022}
}

@book{kapp2012gamification,
  title={The gamification of learning and instruction: game-based methods and strategies for training and education},
  author={Kapp, Karl M},
  year={2012},
  publisher={John Wiley \& Sons}
}

@book{creswell2013research,
  title={Research Design: Qualitative, Quantitative, and Mixed Methods Approaches},
  author={Creswell, John W},
  year={2013},
  publisher={Sage Publications}
}

@ONLINE{alura,
  author = {Vinicius Louzada},
  title = {O que é Git e Github: os primeiros passos nessas ferramentas},
  year = {09-01-2024},
  url = {https://www.alura.com.br/artigos/o-que-e-git-github?_gl=1*yqxop0*_ga*NTM2ODIwNjkuMTcwNTE1OTYyNw},
  note = {02-03-2024}
}
@article{fardo2013gamificaccao,
  title={A gamificação aplicada em ambientes de aprendizagem},
  author={Fardo, Marcelo Luis},
  journal={Revista Novas Tecnologias na Educação},
  volume={11},
  number={1},
  year={2013}
}
@article{barbosa2021aplicativos,
  title={Aplicativos e gamificação na educaçãção: possibilidades e considerações},
  author={Barbosa, Míriam Lúcia and do Amaral, Sérgio Ferreira},
  journal={Brazilian Journal of Development},
  volume={7},
  number={3},
  pages={23974--23987},
  year={2021}
}
@article{silva2017gamificaccao,
  title={Gamificação na educação online: proposta de modelo para a aprendizagem participativa},
  author={Silva, Fabiana Bigão and Bax, Marcello Peixoto},
  journal={Encontros Bibli: revista eletônica de biblioteconomia e ci{\^e}ncia da informação},
  volume={22},
  number={50},
  pages={144--160},
  year={2017}
}
@article{lacanallo2007metodos,
  title={Métodos de ensino e de aprendizagem: uma análise histórica e educacional do trabalho didático},
  author={Lacanallo, Luciana Figueiredo and SILVA, Sandra Salete de Camargo and Oliveira, DEMB and GASPARIN, Jo{\~a}o Luiz and TERUYA, Teresa Kazuto},
  journal={VII Jornada do Histedbr-O trabalho did{\'a}tico na hist{\'o}ria da educa{\c{c}}{\~a}o. Atas do Evento, Campo Grande},
  pages={580--587},
  year={2007}
}

@article{mesquita2023gamificaccao,
  title={A GAMIFICA{\c{C}}{\~A}O NO ENSINO DE MATEM{\'A}TICA: REVIS{\~A}O ACERCA DO USO DA PLATAFORMA KAHOOT! NO ENSINO FUNDAMENTAL},
  author={Mesquita, Fabriny Aparecida Souza and Bueno, Alexandre Martins Ferreira},
  journal={Revista Interdisciplinar de Ensino, Pesquisa e Extens{\~a}o},
  volume={1},
  number={1},
  year={2023}
}

@article{coqueiro2021uso,
  title={O uso da plataforma khan academy como facilitador no processo de ensino-aprendizagem da matem{\'a}tica},
  author={Coqueiro, Leonardo Furtado},
  year={2021},
  publisher={UEMA}
}

@article{shortt2023gamification,
  title={Gamification in mobile-assisted language learning: A systematic review of Duolingo literature from public release of 2012 to early 2020},
  author={Shortt, Mitchell and Tilak, Shantanu and Kuznetcova, Irina and Martens, Bethany and Akinkuolie, Babatunde},
  journal={Computer Assisted Language Learning},
  volume={36},
  number={3},
  pages={517--554},
  year={2023},
  publisher={Taylor \& Francis}
}

@misc{BBC2023,
  title = {Artigo do BBC sobre curiosidades},
  author = {BBC},
  url = {https://www.bbc.com/portuguese/curiosidades-58852077},
  year = {2023},
  note = {Acesso em 15 de junho de 2024}
}

@misc{BrasilEscola2023,
  title = {Número Pi},
  author = {Brasil Escola},
  url = {https://brasilescola.uol.com.br/matematica/numero-pi.htm},
  year = {2023},
  note = {Acesso em 15 de junho de 2024}
}



@article{Lopes2020,
  title = {O ensino da matemática através do lúdico na Educação Infantil},
  author = {Lopes, C. S.},
  journal = {Brasil Escola},
  year = {2020},
  url = {https://meuartigo.brasilescola.uol.com.br/pedagogia/o-ensino-matematica-atraves-ludico-na-educacao-infantil.htm},
}


@misc{duolingo_abc_official,
  author = {{Duolingo}},
  title = {Duolingo ABC - Site Oficial},
  year = {2024},
  url = {https://abc.duolingo.com/}
    
}

@software{duolingo_abc_appstore,
  author = {{Duolingo}},
  title = {Duolingo ABC - App Store},
  year = {2024},
  url = {https://apps.apple.com/ca/app/learn-to-read-duolingo-abc/id1440502568}
}

@software{duolingo_abc_googleplay,
  author = {{Duolingo}},
  title = {Duolingo ABC - Google Play},
  year = {2024},
  url = {https://play.google.com/store/apps/details?id=com.duolingo.literacy&hl=en}
}

@misc{khan_academy_kids_official,
  author = {{Khan Academy}},
  title = {Khan Academy Kids - Site Oficial},
  year = {2024},
  url = {https://learn.khanacademy.org/khan-academy-kids/}
}

@sofware{khan_academy_kids_appstore,
  author = {{Khan Academy}},
  title = {Khan Academy Kids - App Store},
  year = {2024},
  url = {https://apps.apple.com/us/app/khan-academy/id469863705}
}

@software{khan_academy_kids_googleplay,
  author = {{Khan Academy}},
  title = {Khan Academy Kids - Google Play},
  year = {2024},
  url = {https://play.google.com/store/apps/details?id=org.khankids.android&hl=en}
}

@misc{kahoot_kids_official,
  author = {{Kahoot!}},
  title = {Kahoot! Kids - Site Oficial},
  year = {2024},
  url = {https://kahoot.com/home/kahoot-kids/}
}

@misc{referencial_curricular_municipal,
  author       = {Secretaria Municipal da Educação de Salvador},
  title        = {Referencial Curricular Municipal para os Anos Iniciais do Ensino Fundamental},
  year         = {2024},
  url          = {http://educacao3.salvador.ba.gov.br/adm/wp-content/uploads/2018/03/Referencial-Curricular-Municipal-para-os-anos-iniciais-do-EF_versao-onli...-1.pdf},
  note         = {Acesso em: 01 jun. 2024}
}

@misc{conteudo_programatico_salesiano,
  author       = {LICEU SALESIANO DO SALVADOR},
  title        = {SERVIÇO DE ORIENTAÇÃO PEDAGÓGICA – SOP ENSINO FUNDAMENTAL ANOS INICIAIS (EFAI) ANO LETIVO: 2024 CONTEÚDO PROGRAMÁTICO – 4o ANO},
  year         = {2024},
  url          = {https://drive.google.com/file/d/13Y_4nuSjzlRu2cBtQMtZrzrPDsvDTYt7/view},
  note         = {Acesso em: 01 jun. 2024}
}


@misc{khanacademy_numeros_soma_subtracao,
  author       = {Khan Academy},
  title        = {Números: soma e subtração - 4º ano},
  year         = {2024},
  url          = {https://pt.khanacademy.org/math/pt-4-ano/numeros-soma-e-subtracao-4ano},
  note         = {Acesso em: 20 jun. 2024}
}



@software{kahoot_kids_appstore,
  author = {{Kahoot!}},
  title = {Kahoot! Kids - App Store},
  year = {2024},
  url = {https://apps.apple.com/us/app/kahoot-kids-learning-games/id6444439181}
}

@software{kahoot_kids_googleplay,
  author = {{Kahoot!}},
  title = {Kahoot! Kids - Google Play},
  year = {2024},
  url = {https://play.google.com/store/apps/details?id=com.kahoot.kids&hl=en}
}

@software{KahootNumbersDragonBox,
    author = "Kahoot! and DragonBox",
    title = "Kahoot! Numbers by DragonBox",
    year = {2024},
    url = "https://kahoot.com/home/learning-apps/dragonbox/numbers/",
}

@software{KahootBigNumbersDragonBox,
    author = "Kahoot! and DragonBox",
    title = "Kahoot! Big Numbers: DragonBox",
    year = {2024},
    url = "https://kahoot.com/home/learning-apps/dragonbox/big-numbers/",
}

@misc{KahootMultiplicationGamesDragonBox,
    author = "Kahoot! and DragonBox",
    title = "Kahoot! Multiplication Games",
    year = {2024},
    url = "https://kahoot.com/home/learning-apps/dragonbox/multiplication/",
}

@misc{KahootAlgebraDragonBox,
    author = "Kahoot! and DragonBox",
    title = "Kahoot! Algebra by DragonBox",
    year = {2024},
    url = "https://kahoot.com/home/learning-apps/dragonbox/algebra/",
}

@misc{KahootAlgebra2DragonBox,
    author = "Kahoot! and DragonBox",
    title = "Kahoot! Algebra 2 by DragonBox",
    year = {2024},
    url = "https://kahoot.com/home/learning-apps/dragonbox/algebra-2/",
}


@misc{KahootGeometryDragonBox,
    author = "Kahoot! and DragonBox",
    title = "Kahoot! Geometry by DragonBox",
    year = {2024},
    url = "https://kahoot.com/home/learning-apps/dragonbox/geometry/",
    note = "Ainda não lançado"
}

@article{da2023aplicativos,
  title={Aplicativos Educacionais: Instrumento de Avalia{\c{c}}{\~a}o na Pr{\'a}tica de Ensino},
  author={da Silva, Alexandre Vieira and Figueiredo, Helenara Regina Sampaio},
  journal={Revista de Ensino, Educa{\c{c}}{\~a}o e Ci{\^e}ncias Humanas},
  volume={24},
  number={3},
  pages={403--411},
  year={2023}
}



@phdthesis{fernandes2021desenvolvimento,
  title={Desenvolvimento de uma interface m{\'o}vel para o jogo did{\'a}tico do Mobeybou no Brasil},
  author={Fernandes, Rafael Enes},
  year={2021},
  school={Instituto Polit{\'e}cnico do C{\'a}vado e do Ave}
}

@article{esquivel2017gamificaccao,
  title={Gamifica{\c{c}}{\~a}o no ensino da matem{\'a}tica: uma experi{\^e}ncia no ensino fundamental},
  author={Esquivel, Hugo Carlos da Rosa and others},
  year={2017},
  publisher={Universidade Federal Rural do Rio de Janeiro}
}

@article{kruger2013metodo,
  title={Método Tradicional e Método Construtivista de Ensino no rocesso de Aprendizagem: uma investigação com os acadêmicos da disciplina Contabilidade III do curso de Ciências Contàbeis da Universidade Federal de Santa Catarina},
  author={Krúger, Letícia Meurer and Ensslin, Sandra Rolim},
  journal={Revista Organizações em Contexto},
  volume={9},
  number={18},
  pages={219--270},
  year={2013},
  publisher={Universidade Metodista de São Paulo}
}
@article{backes2010,
  title={Repensando o ser enfermeiro docente na perspectiva do pensamento complexo},
  author={Backes, D. S. and Marinho, M. and Costenaro, R. S. and Nunes, S. and Rupolo, I.},
  journal={Revista Brasileira de Enfermagem},
  volume={63},
  number={3},
  pages={421--426},
  year={2010}
}

@article{haddadetal1993,
  title={Enfermagem médico-cirúrgica: uma nova abordagem de ensino e sua avaliação pelo aluno},
  author={Haddad, M. C. L. and Vannuchi, M. T. O. and Takahashi, O. C. and Hirazawa, S. A. and Rodrigues, I. G. and Cordeiro, B. R. and Carmo, H. M.},
  journal={Revista Latino-Americana de Enfermagem},
  volume={1},
  number={2},
  pages={97--112},
  year={1993}
}

@article{mezzari2011,
  title={O uso da Aprendizagem Baseada em Problemas (ABP) como reforço ao ensino presencial utilizando o ambiente de aprendizagem Moodle},
  author={Mezzari, A.},
  journal={Revista Brasileira de Educação Médica},
  volume={35},
  number={1},
  pages={114--121},
  year={2011}
}

@article{oliveira2012,
  title={Evaluation of a strategic practice demonstration method applied to endodontic laboratory classes},
  author={Oliveira, A. P. and Carvalho, E. S. and Lage-Marques, J. L. and Cavalli, V. and Habitante, S. M. and Raldi, D. P.},
  journal={Revista Odonto Ciência},
  volume={27},
  number={2},
  pages={127--131},
  year={2012}
}

@article{pinho2010,
  title={Método situacional e sua influência no conhecimento tático processual de escolares},
  author={Pinho, S. T. and Alves, D. M. and Greco, P. J. and Schild, J. F. G.},
  journal={Motriz: Revista de Educação Física},
  volume={16},
  number={3},
  pages={580--590},
  year={2010}
}

@article{santos2011,
  title={Organização Curricular Baseada em Competência na Educação Médica},
  author={Santos, W. S.},
  journal={Revista Brasileira de Educação Médica},
  volume={35},
  number={1},
  pages={86--92},
  year={2011}
}

@article{teofilo2009,
  title={Concepções de docentes e discentes acerca de metodologias de ensino-aprendizagem: análise do caso do Curso de Enfermagem da Universidade Estadual Vale do Acaraú em Sobral – Ceará},
  author={Teófilo, T. J. S. and Dias, M. S. A.},
  journal={Interface – Comunicação, Saúde, Educação},
  volume={13},
  number={30},
  pages={137--151},
  year={2009}
}

@article{weintraub2011,
  title={Jogo educacional sobre avaliação em fisioterapia: uma nova abordagem acadêmica},
  author={Weintraub, M. and Hawlitschek, P. and João, S. M. A.},
  journal={Fisioterapia e Pesquisa},
  volume={18},
  number={3},
  pages={280--286},
  year={2011}
}
@article{chahuanjimenez2009,
  author = {Chahuán-Jiménez, K.},
  title = {Evaluación cualitativa y gestión del conocimiento},
  journal = {Educación y Educadores},
  volume = {12},
  number = {3},
  pages = {179--195},
  year = {2009}
}

@article{cogo2006,
  author = {Cogo, A. L. P.},
  title = {Cooperação versus colaboração: conceitos para o ensino de enfermagem em ambiente virtual},
  journal = {Revista Brasileira de Enfermagem},
  volume = {59},
  number = {5},
  pages = {680--683},
  year = {2006}
}

@article{coria-sabini2003,
  author = {Cória-Sabini, M. A.},
  title = {A aplicação de teorias psicológicas ao planejamento e avaliação do processo de ensino-aprendizagem},
  journal = {Revista Psicopedagogia},
  volume = {20},
  number = {62},
  pages = {162--172},
  year = {2003}
}

@article{gomesbellini2009,
  author = {Gomes, L. C. and Bellini, L. M.},
  title = {Uma revisão sobre aspectos fundamentais da teoria de Piaget: possíveis implicações para o ensino de física},
  journal = {Revista Brasileira de Ensino de Física},
  volume = {31},
  number = {2},
  pages = {2301.1--2301.10},
  year = {2009}
}

@article{werneck2006,
  title={Sobre o processo de construção do conhecimento: o papel do ensino e da pesquisa},
  author={Werneck, V. R.},
  journal={Ensaio: Avaliação e Políticas Públicas em Educação},
  volume={14},
  number={51},
  pages={173--196},
  year={2006}
}
@article{alecia2022,
  author = {Alécia Maria Gonçalves and Fabiana Gomes},
  title = {Aprendizagem Baseada em Projetos (ABP): uma possibilidade de formação no curso de Licenciatura em Química},
  journal = {Química Nova na Escola},
  volume = {5},
  number = {2},
  year = {2022}
}

@article{arthur2020,
  author = {Arthur, T and et al.},
  title = {Metodologias Ativas: um mapeamento sistemático presente na formação de professores de ciências},
  journal = {Latin American Journal of Science Education},
  volume = {2},
  number = {6},
  pages = {1--9},
  month = {jun},
  year = {2020}
}

@book{bacich2018,
  title = {Metodologias Ativas para uma Educação Inovadora: Uma Abordagem Teórico-Prática},
  publisher = {Penso},
  address = {Porto Alegre},
  author = {Bacich, L. and Moran, J.},
  year = {2018}
}

@article{diesel2017,
  author = {Diesel, A. and Baldez, A. L. S. and Martins, S. N.},
  title = {Os princípios das metodologias ativas de ensino: uma abordagem teórica},
  journal = {Revista Thema},
  pages = {268--288},
  volume = {14},
  number = {01},
  year = {2017}
}

@phdthesis{fartura2007,
  author = {Fartura, S. G.},
  title = {Aprendizagem baseada em problemas orientada para o pensamento crítico: um estudo no âmbito da educação em ciências no 1º ciclo do ensino básico},
  school = {Universidade de Aveiro},
  address = {Aveiro},
  year = {2007}
}

@book{moran2014,
  title = {A educação que desejamos: novos desafios e como chegar lá},
  edition = {5},
  publisher = {Papirus},
  address = {Campinas},
  author = {Moran, J. M.},
  year = {2014}
}
@book{Bergmann_2016,
  title = {Sala de aula invertida: Uma metodologia ativa de aprendizagem},
  publisher = {LTC},
  author = {Bergmann, J. and Sams, A.},
  translator = {Serra Trad, A. C. C.},
  year = {2016}
}

@mastersthesis{Muraro_2019,
  address = {Curitiba, PR},
  title = {Sala de aula invertida nas aulas de matemática do ensino fundamental},
  school = {Universidade Federal do Paraná},
  author = {Muraro, V.},
  year = {2019}
}

@article{Pavanelo_2017,
  title = {Metodologias ativas no ensino superior: o uso da sala de aula invertida},
  author = {Pavanelo, M. V. and Leal, L. C. and Júnior, A. S.},
  journal = {Revista Brasileira de Ensino de Ciência e Tecnologia},
  volume = {10},
  number = {2},
  pages = {92--101},
  year = {2017}
}

@article{Sanches_2019,
  title = {Aplicação da sala de aula invertida em disciplinas de engenharia: um estudo de caso},
  author = {Sanches, P. and Dias, R. A.},
  journal = {Revista de Ensino de Engenharia},
  volume = {38},
  number = {3},
  pages = {185--195},
  year = {2019}
}

@article{Rodrigues_2020,
  title = {Desafios e possibilidades na implementação da sala de aula invertida no ensino básico},
  author = {Rodrigues, M. C. and Silva, L. M.},
  journal = {Revista de Educação Básica},
  volume = {25},
  number = {4},
  pages = {68--80},
  year = {2020}
}
@incollection{busarello2014gamificacao,
  author = {Busarello, R. I. et al.},
  title = {A gamificação e a sistemática de jogo},
  booktitle = {Gamificação na educação},
  editor = {Fadel, L. M. et al.},
  year = {2014},
  publisher = {Pimenta Cultural},
  address = {São Paulo}
}

@article{goncalves2021modelo,
  author = {Gonçalves, M. C. and Freitas, A. L. C. de and Gonçalves, E. M. N.},
  title = {Modelo de avaliação formativa para a aprendizagem com gamificação: Um estudo de caso para o ensino de engenharia},
  journal = {Revista Brasileira de Informática na Educação -- RBIE Brazilian Journal of Computers},
  year = {2021}
}

@techreport{keller2017development,
  author = {Keller, J. M.},
  title = {Development and use of the ARCS model of instructional design},
  institution = {Department of Educational Research/Florida State University},
  year = {2017}
}

@article{hamari2014measuring,
  author = {Hamari, J. and Koivisto, J.},
  title = {Measuring flow in gamification: Dispositional Flow Scale-2},
  journal = {Computers in Human Behavior},
  year = {2014}
}

@book{piaget1993formacao,
  author = {Piaget, J.},
  title = {A formação do símbolo na criança: imitação, jogo, sonho, imagem e representação de jogo},
  publisher = {Zahar},
  address = {São Paulo},
  year = {1993}
}

@book{vigotsky2007formacao,
  author = {Vigotsky, L. S.},
  title = {A formação social da mente: o desenvolvimento dos processos psicológicos},
  editor = {Michael Cole et al.},
  year = {2007}
}

@article{huizinga1999homo,
  title={Homo ludens: o jogo como elemento da cultura},
  author={Huizinga, Johan},
  year={1999},
  journal={Perspectiva}
}

@article{mcgonigal2011reality,
  title={Reality is broken: Why games make us better and how they can change the world},
  author={McGonigal, Jane},
  year={2011},
  journal={The Penguin Press}
}

@article{salen2004rules,
  title={Rules of play: Game design fundamentals},
  author={Salen, Katie and Zimmerman, Eric},
  year={2004},
  journal={MIT Press}
}

@article{koster2005theory,
  title={A theory of fun for game design},
  author={Koster, Raph},
  year={2005},
  journal={Paraglyph Press}
}

@article{csikszentmihalyi1990flow,
  title={Flow: The psychology of optimal experience},
  author={Csikszentmihalyi, Mihaly},
  year={1990},
  journal={Harper \& Row}
}
@article{digicapital,
title = {Digi-Capital Games Report 2017},
year = {2017},
url = {http://www.digi-capital.com/reports/#global-games-investment-review},
urldate = {2017-08-04}
}

@misc{agenciafirma,
title = {Mercado de Games no Brasil},
year = {2017},
url = {http://agenciafirma.com.br/mercado-de-games-no-brasil},
urldate = {2017-08-04}
}

@book{clark2003,
  author = {Clark, Andy},
  title = {{Natural-Born Cyborgs: Minds, Technologies, and the Future of Human Intelligence}},
  publisher = {Oxford University Press},
  year = {2003},
  address = {New York, NY}
}

@book{elias2012,
  author = {Elias, George S. and Garfield, Richard and Gutschera, K. Robert},
  title = {{Characteristics of Games}},
  publisher = {MIT Press},
  year = {2012},
  address = {MA}
}

@misc{infopedia,
  title = {{gamificação}},
  year = {2017},
  url = {https://www.infopedia.pt/dicionarios/lingua-portuguesa/gamificacao},
  urldate = {2017-08-04}
}

@article{landers2014,
  author = {Landers, R. N.},
  title = {{Developing a theory of gamified learning: linking serious games and gamification of learning}},
  journal = {Simulation and Gaming},
  volume = {45},
  number = {6},
  pages = {752--768},
  year = {2014}
}

@incollection{landers2017,
  author = {Landers, Richard N. and Armstrong, Matthew J. and Callan, Robert C.},
  title = {{How to Use Game Elements to Enhance Learning: Applications of the Theory of Gamified Learning}},
  booktitle = {Serious Games and Edutainment Applications (vol. II)},
  publisher = {Springer International Publishing},
  year = {2017},
  editor = {Ma, Minhua and Oikonomou, Andreas},
  address = {N.Y},
  pages = {457--483}
}

@book{santaella2007,
  author = {Santaella, Lucia},
  title = {{Linguagens líquidas na era da mobilidade}},
  publisher = {Paulus},
  year = {2007},
  address = {São Paulo}
}

@misc{chou,
  title = {{Top 10 Gamification Marketing Cases to Remember}},
  author = {Chou, Yu-kai},
  year = {2017},
  url = {http://yukaichou.com/gamification-examples/top-10-marketing-gamification-cases-remember/},
  urldate = {2017-08-04}
}
@incollection{alves2014gamificacao,
  author    = {Alves, L. R. G. and Fadel, L. M. e (org.)},
  title     = {Gamificação: diálogos com a educação},
  booktitle = {Gamificação},
  publisher = {Pimenta Cultural},
  year      = {2014},
  address   = {São Paulo},
  pages     = {74--97}
}

@book{brasil2018base,
  author    = {{Brasil. Ministério da Educação}},
  title     = {Base Nacional Comum Curricular},
  year      = {2018},
  publisher = {MEC},
  address   = {Brasília}
}

@book{kapp2012gamification,
  author    = {Kapp, Karl},
  title     = {The Gamification of Learning and Instruction: Game-Based Methods and Strategies for Training and Education},
  year      = {2012},
  publisher = {John Wiley \& Sons},
  address   = {New Jersey}
}

@article{lemos2011aprendizagem,
  author    = {Lemos, E. dos S.},
  title     = {A aprendizagem significativa: estratégias facilitadoras e avaliação},
  journal   = {Aprendizagem Significativa em Revista},
  year      = {2011},
  volume    = {1},
  number    = {1},
  pages     = {25--35}
}

@article{lopes2022uso,
  author    = {Lopes, P. and Teixeira, K.},
  title     = {O uso de recursos didáticos não convencionais nas aulas de Geografia: o jogo Free Fire como introdutor dos conceitos cartográficos iniciais},
  year      = {2022},
  note      = {No prelo}
}

@article{pelizzari2002teoria,
  author    = {Pelizzari, A. and et al.},
  title     = {Teoria da aprendizagem significativa segundo Ausubel},
  journal   = {Revista PEC},
  year      = {2002},
  volume    = {2},
  number    = {1},
  pages     = {37--42},
  address   = {Curitiba}
}

@mastersthesis{silva2017recurso,
  author    = {Silva, G. M. da},
  title     = {Recurso didático não convencional: o uso dos jogos digitais para o ensino de Geografia},
  year      = {2017},
  school    = {Universidade Federal do Piauí},
  address   = {Teresina}
}

@article{tolomei2017gamificacao,
  author    = {Tolomei, B. V.},
  title     = {A gamificação como estratégia de engajamento e motivação na educação},
  journal   = {EAD em foco},
  year      = {2017},
  volume    = {7},
  number    = {2},
  pages     = {145--156}
}